@MISC {FPS,
  TITLE= {FAI Sporting Code, Section 6
International Aerobatic Events
Statistical Method for Processing Scores
Version 2018-1},
  URL= {https://www.fai.org/sites/default/files/documents/section6_part1_appendixfps_v2018_1.pdf}
}
@MISC {BruceET,
    TITLE = {Test fit of discrete data distribution to normal distribution},
    AUTHOR = {BruceET (https://stats.stackexchange.com/users/85665/bruceet)},
    HOWPUBLISHED = {Cross Validated},
    NOTE = {URL:https://stats.stackexchange.com/q/422115 (version: 2019-08-14)},
    EPRINT = {https://stats.stackexchange.com/q/422115},
    URL = {https://stats.stackexchange.com/q/422115}
}
